<?xml version="1.0" encoding="UTF-8"?><collection xmlns="http://www.loc.gov/MARC21/slim"><record><leader>00423nam--2200145-i-4500</leader><controlfield tag="001">000030540</controlfield><controlfield tag="002">20161230</controlfield><controlfield tag="005">20161230201038</controlfield><controlfield tag="008">060222s1000------------r-----000-0-eng-d</controlfield><datafield ind1=" " ind2=" " tag="080"><subfield code="a">621.3</subfield></datafield><datafield ind1=" " ind2=" " tag="100"><subfield code="a">Milea, A</subfield></datafield><datafield ind1=" " ind2=" " tag="245"><subfield code="a">Asupra utilizarii metodelor de raport in masurarile electrice..</subfield></datafield><datafield ind1=" " ind2=" " tag="260"><subfield code="a">Bucuresti, Cons.Nat.Al Inginerilor Si Tehnicienilor, 1969. 15p</subfield></datafield><datafield ind1=" " ind2=" " tag="490"><subfield code="a">A Doua Conf.A Electricienilor</subfield></datafield><datafield ind1=" " ind2=" " tag="852"><subfield code="a">31683</subfield></datafield></record></collection>